@comment{x-kbibtex-personnameformatting=<%l><, %f>}

@inproceedings{hal11,
	author = "Halupka, K.J. and Wiederman, S.D. and Cazzolato, B.S. and O'Carroll, D.C.",
	booktitle = "{ISSNIP}",
	title = "{ Discrete implementation of biologically inspired image processing for target detection }",
	year = "2011"
}

@article{stdp1,
	author = "Masquelier, T. and Guyonneau, R. and Thorpe, S.J.",
	journal = "Neural Comput.",
	title = "{Competitive STDP-based spike pattern learning}",
	year = "2009"
}

@article{stdp2,
	author = "Masquelier, T. and Guyonneau, R. and Thorpe, S.J.",
	journal = "PLoS One",
	title = "{Spike timing dependent plasticity finds the start of repeating patterns in continuous spike trains}",
	year = "2008"
}

