@comment{x-kbibtex-personnameformatting=<%l><, %f>}

@article{w13,
	author = "Wiederman, Steven and O'Carroll, David",
	journal = "Current Biology",
	title = "Selective Attention in an Insect Visual Neuron",
	year = "2013"
}

@misc{ne13,
	author = "Fountas, Zafeirios",
	location = "Telluride, USA",
	title = "Neuromorphic Engineering Workshop",
	year = "2013"
}

