@article{Olberg2011,
author = {Olberg, Robert M},
doi = {10.1016/j.conb.2011.11.015},
file = {:Users/christoskaplanis/Documents/Mendeley Desktop/Visual Control of prey-capture flight in dragonflies-2.pdf:pdf},
issn = {0959-4388},
journal = {Current Opinion in Neurobiology},
pages = {1--5},
publisher = {Elsevier Ltd},
title = {{Visual control of prey-capture flight in dragonflies}},
url = {http://dx.doi.org/10.1016/j.conb.2011.11.015},
year = {2011}
}
